@misc{ibm-infrastructure,
    title = {What is IT Infrastructure?},
    author = {IBM},
    howpublished  = {Preuzeto 30. kolovoza 2021},
    url = {https://www.ibm.com/topics/infrastructure},
}
